%% This BibTeX bibliography file was created using BibDesk.
%% http://bibdesk.sourceforge.net/


%% Created for Christian Neuhaus at 2013-06-11 14:16:16 +0200 


%% Saved with string encoding Unicode (UTF-8) 



@phdthesis{schechter2004computer,
	Author = {Schechter, Stuart Edward},
	Date-Added = {2013-06-11 12:12:59 +0000},
	Date-Modified = {2013-06-11 12:16:16 +0000},
	School = {Citeseer},
	Title = {Computer security strength \& risk: A quantitative approach},
	Year = {2004}}

@incollection{mauw2006foundations,
	Author = {Mauw, Sjouke and Oostdijk, Martijn},
	Booktitle = {Information Security and Cryptology-ICISC 2005},
	Date-Added = {2013-06-11 12:12:59 +0000},
	Date-Modified = {2013-06-11 12:12:59 +0000},
	Pages = {186--198},
	Publisher = {Springer},
	Title = {Foundations of attack trees},
	Year = {2006}}

@article{besson2001model,
	Author = {Besson, Fr{\'e}d{\'e}ric and Jensen, Thomas and M{\'e}tayer, Daniel Le and Thorn, Tommy},
	Date-Added = {2013-06-11 12:12:59 +0000},
	Date-Modified = {2013-06-11 12:12:59 +0000},
	Journal = {Journal of computer security},
	Number = {3},
	Pages = {217--250},
	Publisher = {IOS Press},
	Title = {Model checking security properties of control flow graphs},
	Volume = {9},
	Year = {2001}}

@article{dolev1983security,
	Author = {Dolev, Danny and Yao, Andrew},
	Date-Added = {2013-06-11 12:12:59 +0000},
	Date-Modified = {2013-06-11 12:12:59 +0000},
	Journal = {Information Theory, IEEE Transactions on},
	Number = {2},
	Pages = {198--208},
	Publisher = {IEEE},
	Title = {On the security of public key protocols},
	Volume = {29},
	Year = {1983}}

@article{distefano2009dependability,
	Author = {Distefano, Salvatore and Puliafito, Antonio},
	Date-Added = {2013-06-11 12:12:59 +0000},
	Date-Modified = {2013-06-11 12:12:59 +0000},
	Journal = {Dependable and Secure Computing, IEEE Transactions on},
	Number = {1},
	Pages = {4--17},
	Publisher = {IEEE},
	Title = {Dependability evaluation with dynamic reliability block diagrams and dynamic fault trees},
	Volume = {6},
	Year = {2009}}
